@ARTICLE{720574,
	journal = {IEEE Std 830-1998},
	title = {{IEEE Recommended Practice for Software Requirements Specifications}},
	year = {1998},
	month = {Oct},
	pages = {1-40},
	keywords = {formal specification;IEEE Std 830-1998;IEEE recommended practice;IEEE/EIA Std 12207.1-1997;commercial software product selection;contracts;customers;guidelines;in-house software product selection;prototyping;software development;software requirements specification;standards compliance;suppliers;system requirements specifications;Software requirements and specifications;contract;customer;prototyping;software requirements specification;supplier;system requirements specifications},
	doi = {10.1109/IEEESTD.1998.88286},
}

@ARTICLE{6170935, 
	journal = {IEEE Std 828-2012 (Revision of IEEE Std 828-2005)}, 
	title = {{IEEE Standard for Configuration Management in Systems and Software Engineering}},
	year = {2012}, 
	month = {March}, 
	pages = {1-71}, 
	keywords={IEC standards;IEEE standards;ISO standards;configuration management;software engineering;systems engineering;IEEE Std 15939;IEEE standard;ISO-IEC-IEEE 12207:2008;ISO-IEC-IEEE 15288:2008;ISO-IEC-IEEE Std 24765;configuration items;configuration management;content areas;software configuration management plan;software engineering;systems engineering;IEEE standards;Software development management;Software engineering;Software systems;IEEE 828;change control;configuration accounting;configuration audit;configuration item;release engineering;software builds;software configuration management;system configuration management}, 
	doi={10.1109/IEEESTD.2012.6170935},
}

@ARTICLE{6146379, 
	journal={ISO/IEC/IEEE 29148:2011(E)}, 
	title={{Systems and software engineering -- Life cycle processes--Requirements engineering}},
	year={2011}, 
	month={Dec}, 
	pages={1-94}, 
	keywords={IEC standards;IEEE standards;ISO standards;formal specification;formal verification;systems analysis;systems engineering;ISO/IEC 12207;ISO/IEC 15288;ISO/IEC/IEEE 29148:2011;management process;requirement engineering;software engineering;software life cycle process;software product;system engineering;IEEE standards;Product life cycle management;Software development;Software engineering;System analysis and design;ConOps;OpsCon;SyRS;buyer;characteristics;concept of operation;concepts of operations document;contract;customer;operational concept;prototyping;requirement;software requirements specification;supplier;system;system requirements specification}, 
	doi={10.1109/IEEESTD.2011.6146379},
}

@book{tripathy14,
	author = {Tripathy, Priyadarshi and Naik, Kshirasagar},
	title = {Software Evolution and Maintenance: A Practitioner's Approach},
	year = {2014},
	publisher = {John Wiley \& Sons},
	address = {Hoboken, New Jersey},
	isbn = {978-0470603413},
}

@book{naik08,
	author = {Naik, Kshirasagar and Tripathy, Priyadarshi},
	title = {Software Testing and Quality Assurance: Theory and Practice},
	year = {2008},
	publisher = {John Wiley \& Sons},
	address = {Hoboken, New Jersey},
	isbn = {978-0471789116},
}

@book{sommerville10,
	author = {Sommerville, Ian},
	title = {Software Engineering},
	year = {2010},
	edition = {9th},
	publisher = {Addison-Wesley},
	address = {Boston, Massachusetts},
	isbn = {978-0137035151},
}

@book{pressman14,
	author = {Pressman, Roger and Maxim, Bruce},
	title = {Software Engineering: A Practitioner's Approach},
	year = {2014},
	edition = {8th},
	publisher = {McGraw-Hill Education},
	address = {New York, New York},
	isbn = {978-0078022128},
}
