@ARTICLE{741937,
	journal = {IEEE Std 1058-1998},
	title = {{IEEE Standard for Software Project Management Plans}},
	year = {1998},
	month = {Dec},
	pages = {1-28},
	keywords = {IEEE standards;IEEE standard;software project management plans;IEEE standards;management plans;software project management plans},
	doi = {10.1109/IEEESTD.1998.88822},
}

@ARTICLE{iso21500,
	journal = {ISO 21500:2012},
	title = {{Guidance on project management}},
}

@book{tripathy14,
	author = {Tripathy, Priyadarshi and Naik, Kshirasagar},
	title = {Software Evolution and Maintenance: A Practitioner's Approach},
	year = {2014},
	publisher = {John Wiley \& Sons},
	address = {Hoboken, New Jersey},
	isbn = {978-0470603413},
}

@book{naik08,
	author = {Naik, Kshirasagar and Tripathy, Priyadarshi},
	title = {Software Testing and Quality Assurance: Theory and Practice},
	year = {2008},
	publisher = {John Wiley \& Sons},
	address = {Hoboken, New Jersey},
	isbn = {978-0471789116},
}

@book{sommerville10,
	author = {Sommerville, Ian},
	title = {Software Engineering},
	year = {2010},
	edition = {9th},
	publisher = {Addison-Wesley},
	address = {Boston, Massachusetts},
	isbn = {978-0137035151},
}

@book{pressman14,
	author = {Pressman, Roger and Maxim, Bruce},
	title = {Software Engineering: A Practitioner's Approach},
	year = {2014},
	edition = {8th},
	publisher = {McGraw-Hill Education},
	address = {New York, New York},
	isbn = {978-0078022128},
}
