@ARTICLE{6170923, 
	journal={ISO/IEC/IEEE 26515 First edition 2011-12-01; Corrected version 2012-03-15}, 
	title={Systems and software engineering -- Developing user documentation in an agile environment}, 
	year={2012}, 
	month={March}, 
	pages={1-36}, 
	keywords={IEC standards;IEEE standards;ISO standards;product life cycle management;software prototyping;system documentation;systems engineering;ISO/IEC/IEEE 26515:2011;ISO/IEC/IEEE 26515:2012;agile development projects;life cycle documentation process;software engineering;systems engineering;user documentation process;Agile manufacturing;Documentation;IEEE standards;Software engineering;Software systems;agile development;incremental development;software user documentation}, 
	doi={10.1109/IEEESTD.2012.6170923},
}

@book{tripathy14,
	author = {Tripathy, Priyadarshi and Naik, Kshirasagar},
	title = {Software Evolution and Maintenance: A Practitioner's Approach},
	year = {2014},
	publisher = {John Wiley \& Sons},
	address = {Hoboken, New Jersey},
	isbn = {978-0470603413},
}

@book{naik08,
	author = {Naik, Kshirasagar and Tripathy, Priyadarshi},
	title = {Software Testing and Quality Assurance: Theory and Practice},
	year = {2008},
	publisher = {John Wiley \& Sons},
	address = {Hoboken, New Jersey},
	isbn = {978-0471789116},
}

@book{sommerville10,
	author = {Sommerville, Ian},
	title = {Software Engineering},
	year = {2010},
	edition = {9th},
	publisher = {Addison-Wesley},
	address = {Boston, Massachusetts},
	isbn = {978-0137035151},
}

@book{pressman14,
	author = {Pressman, Roger and Maxim, Bruce},
	title = {Software Engineering: A Practitioner's Approach},
	year = {2014},
	edition = {8th},
	publisher = {McGraw-Hill Education},
	address = {New York, New York},
	isbn = {978-0078022128},
}

@book{lui08,
	author = {Lui, Kim Man and Chan, Keith C. C.},
	title = {Software Development Rhythms: Harmonizing Agile Practices for Synergy},
	year = {2008},
	publisher = {John Wiley \& Sons},
	address = {Hoboken, New Jersey},
	isbn = {978-0470073865},
}

@book{gregory14,
	author = {Gregory, J.},
	title = {Game Engine Architecture},
	year = {2014},
	edition = {2nd},
	publisher = {CRC Press},
	address = {Boca Raton, Florida},
}

@book{shirley09,
	author = {Shirley, P. and Ashikhmin, M.},
	title = {Fundamentals of Computer Graphics},
	year = {2009},
	edition = {3rd},
	publisher = {A K Peters},
	address = {Natick, Massachusetts},
}

@book{hughes13,
	author = {Hughes, John F. and Dam, Andries van and McGuire, Morgan and Sklar, David F. and Foley, James D. and Feiner, Steven K. and Akeley, Kurt},
	title = {Computer Graphics: Principles and Practice},
	year = {2013},
	edition = {3rd},
	publisher = {Addison-Wesley},
	address = {Boston, Massachusetts},
	isbn = {978-0321399526},
}

@book{angel11,
	author = {Angel, Edward and Shreiner, Dave},
	title = {Interactive Computer Graphics: A Top-Down Approach with Shader-Based OpenGL},
	year = {2011},
	edition = {6th},
	publisher = {Addison-Wesley},
	address = {Boston, Massachusetts},
	isbn = {978-0132545235},
}

@book{janke13,
	author = {Janke, Steven J.},
	title = {Mathematical Structures for Computer Graphics},
	year = {2013},
	publisher = {John Wiley \& Sons},
	address = {Hoboken, New Jersey},
	isbn = {978-1118712191},
}
